@article{voight2005confounding,
  title={Confounding from cryptic relatedness in case-control association studies},
  author={Voight, Benjamin F and Pritchard, Jonathan K},
  journal={PLoS Genet},
  volume={1},
  number={3},
  pages={e32},
  year={2005}
}
@article{ptak2002evidence,
  title={Evidence for population growth in humans is confounded by fine-scale population structure},
  author={Ptak, Susan E and Przeworski, Molly},
  journal={Trends in Genetics},
  volume={18},
  number={11},
  pages={559--563},
  year={2002},
  publisher={Elsevier}
}
@article{price2010new,
  title={New approaches to population stratification in genome-wide association studies},
  author={Price, Alkes L and Zaitlen, Noah A and Reich, David and Patterson, Nick},
  journal={Nature Reviews Genetics},
  volume={11},
  number={7},
  pages={459--463},
  year={2010},
  publisher={Nature Publishing Group}
}
@article{price2006principal,
  title={Principal components analysis corrects for stratification in genome-wide association studies},
  author={Price, Alkes L and Patterson, Nick J and Plenge, Robert M and Weinblatt, Michael E and Shadick, Nancy A and Reich, David},
  journal={Nature genetics},
  volume={38},
  number={8},
  pages={904--909},
  year={2006},
  publisher={Nature Publishing Group}
}
@article{kang2010variance,
  title={Variance component model to account for sample structure in genome-wide association studies},
  author={Kang, Hyun Min and Sul, Jae Hoon and Service, Susan K and Zaitlen, Noah A and Kong, Sit-yee and Freimer, Nelson B and Sabatti, Chiara and Eskin, Eleazar and others},
  journal={Nature genetics},
  volume={42},
  number={4},
  pages={348--354},
  year={2010},
  publisher={Nature Publishing Group}
}
@article{listgarten2012improved,
  title={Improved linear mixed models for genome-wide association studies},
  author={Listgarten, Jennifer and Lippert, Christoph and Kadie, Carl M and Davidson, Robert I and Eskin, Eleazar and Heckerman, David},
  journal={Nature methods},
  volume={9},
  number={6},
  pages={525--526},
  year={2012},
  publisher={Nature Publishing Group}
}
@article{zhou2012genome,
  title={Genome-wide efficient mixed-model analysis for association studies},
  author={Zhou, Xiang and Stephens, Matthew},
  journal={Nature genetics},
  volume={44},
  number={7},
  pages={821--824},
  year={2012},
  publisher={Nature Publishing Group}
}
@article{yang2014advantages,
  title={Advantages and pitfalls in the application of mixed-model association methods},
  author={Yang, Jian and Zaitlen, Noah A and Goddard, Michael E and Visscher, Peter M and Price, Alkes L},
  journal={Nature genetics},
  volume={46},
  number={2},
  pages={100--106},
  year={2014},
  publisher={Nature Publishing Group}
}
@article{pritchard2000association,
  title={Association mapping in structured populations},
  author={Pritchard, Jonathan K and Stephens, Matthew and Rosenberg, Noah A and Donnelly, Peter},
  journal={The American Journal of Human Genetics},
  volume={67},
  number={1},
  pages={170--181},
  year={2000},
  publisher={Elsevier}
}
@article{roeder2009searching,
  title={Searching for disease susceptibility variants in structured populations},
  author={Roeder, Kathryn and Luca, Diana},
  journal={Genomics},
  volume={93},
  number={1},
  pages={1--4},
  year={2009},
  publisher={Elsevier}
}
@article{mathieson2012differential,
  title={Differential confounding of rare and common variants in spatially structured populations},
  author={Mathieson, Iain and McVean, Gil},
  journal={Nature genetics},
  volume={44},
  number={3},
  pages={243--246},
  year={2012},
  publisher={Nature Publishing Group}
}
@article{voight2005confounding,
  title={Confounding from cryptic relatedness in case-control association studies},
  author={Voight, Benjamin F and Pritchard, Jonathan K},
  journal={PLoS Genet},
  volume={1},
  number={3},
  pages={e32},
  year={2005},
  publisher={Public Library of Science}
}
@article{10002015global,
  title={A global reference for human genetic variation},
  author={1000 Genomes Project Consortium and others},
  journal={Nature},
  volume={526},
  number={7571},
  pages={68--74},
  year={2015},
  publisher={Nature Publishing Group}
}
@article{mathieson2014demography,
  title={Demography and the age of rare variants},
  author={Mathieson, Iain and McVean, Gil},
  journal={PLoS Genet},
  volume={10},
  number={8},
  pages={e1004528},
  year={2014},
  publisher={Public Library of Science}
}
@article{10002012integrated,
  title={An integrated map of genetic variation from 1,092 human genomes},
  author={1000 Genomes Project Consortium and others},
  journal={Nature},
  volume={491},
  number={7422},
  pages={56--65},
  year={2012},
  publisher={Nature Publishing Group}
}
@article{sun2012identifying,
  title={Identifying cryptic relationships},
  author={Sun, Lei and Dimitromanolakis, Apostolos},
  journal={Statistical Human Genetics: Methods and Protocols},
  pages={47--57},
  year={2012},
  publisher={Springer}
}
@article{li2014relationship,
  title={Relationship estimation from whole-genome sequence data},
  author={Li, Hong and Glusman, Gustavo and Hu, Hao and Caballero, Juan and Hubley, Robert and Witherspoon, David and Guthery, Stephen L and Mauldin, Denise E and Jorde, Lynn B and Hood, Leroy and others},
  journal={PLoS Genet},
  volume={10},
  number={1},
  pages={e1004144},
  year={2014},
  publisher={Public Library of Science}
}
@article{stevens2011inference,
  title={Inference of relationships in population data using identity-by-descent and identity-by-state},
  author={Stevens, Eric L and Heckenberg, Greg and Roberson, Elisha DO and Baugher, Joseph D and Downey, Thomas J and Pevsner, Jonathan},
  journal={PLoS Genet},
  volume={7},
  number={9},
  pages={e1002287},
  year={2011},
  publisher={Public Library of Science}
}
