@article{park2009chip,
  title={ChIP--seq: advantages and challenges of a maturing technology},
  author={Park, Peter J},
  journal={Nature Reviews Genetics},
  volume={10},
  number={10},
  pages={669--680},
  year={2009},
  publisher={Nature Publishing Group}
}
@article{glass2013passing,
	title={Passing messages between biological networks to refine predicted interactions},
	author={Glass, Kimberly and Huttenhower, Curtis and Quackenbush, John and Yuan, Guo-Cheng},
	journal={PloS one},
	volume={8},
	number={5},
	pages={e64832},
	year={2013},
	publisher={Public Library of Science}
}
@article{frey2007clustering,
	title={Clustering by passing messages between data points},
	author={Frey, Brendan J and Dueck, Delbert},
	journal={science},
	volume={315},
	number={5814},
	pages={972--976},
	year={2007},
	publisher={American Association for the Advancement of Science}
}
@article{lao2015haploinsufficiency,
  title={Haploinsufficiency of Hedgehog interacting protein causes increased emphysema induced by cigarette smoke through network rewiring},
  author={Lao, Taotao and Glass, Kimberly and Qiu, Weiliang and Polverino, Francesca and Gupta, Kushagra and Morrow, Jarrett and Mancini, John Dominic and Vuong, Linh and Perrella, Mark A and Hersh, Craig P and others},
  journal={Genome medicine},
  volume={7},
  number={1},
  pages={1},
  year={2015},
  publisher={BioMed Central}
}
@article{ernst2008semi,
	title={A semi-supervised method for predicting transcription factor--gene interactions in Escherichia coli},
	author={Ernst, Jason and Beg, Qasim K and Kay, Krin A and Bal{\'a}zsi, G{\'a}bor and Oltvai, Zolt{\'a}n N and Bar-Joseph, Ziv},
	journal={PLoS computational biology},
	volume={4},
	number={3},
	pages={e1000044},
	year={2008},
	publisher={Public Library of Science}
}
@article{li2013bootstrap,
	title={Bootstrap inference for network construction with an application to a breast cancer microarray study},
	author={Li, Shuang and Hsu, Li and Peng, Jie and Wang, Pei},
	journal={The annals of applied statistics},
	volume={7},
	number={1},
	pages={391},
	year={2013},
	publisher={NIH Public Access}
}
@article{haury2012tigress,
	title={TIGRESS: trustful inference of gene regulation using stability selection},
	author={Haury, Anne-Claire and Mordelet, Fantine and Vera-Licona, Paola and Vert, Jean-Philippe},
	journal={BMC systems biology},
	volume={6},
	number={1},
	pages={145},
	year={2012},
	publisher={BioMed Central Ltd}
}
@article{tibshirani1996regression,
	title={Regression shrinkage and selection via the lasso},
	author={Tibshirani, Robert},
	journal={Journal of the Royal Statistical Society. Series B (Methodological)},
	pages={267--288},
	year={1996},
	publisher={JSTOR}
}
@article{glass2015network,
	title={A network model for angiogenesis in ovarian cancer},
	author={Glass, Kimberly and Quackenbush, John and Spentzos, Dimitrios and Haibe-Kains, Benjamin and Yuan, Guo-Cheng},
	journal={BMC bioinformatics},
	volume={16},
	number={1},
	pages={115},
	year={2015},
	publisher={BioMed Central Ltd}
}
@article{glass2014sexually,
	title={Sexually-dimorphic targeting of functionally-related genes in COPD},
	author={Glass, Kimberly and Quackenbush, John and Silverman, Edwin K and Celli, Bartolome and Rennard, Stephen I and Yuan, Guo-Cheng and DeMeo, Dawn L},
	journal={BMC systems biology},
	volume={8},
	number={1},
	pages={118},
	year={2014},
	publisher={BioMed Central Ltd}
}
@article{olsen2014inference,
	title={Inference and validation of predictive gene networks from biomedical literature and gene expression data},
	author={Olsen, Catharina and Fleming, Kathleen and Prendergast, Niall and Rubio, Renee and Emmert-Streib, Frank and Bontempi, Gianluca and Haibe-Kains, Benjamin and Quackenbush, John},
	journal={Genomics},
	volume={103},
	number={5},
	pages={329--336},
	year={2014},
	publisher={Elsevier}
}
@article{marbach2012wisdom,
	title={Wisdom of crowds for robust gene network inference},
	author={Marbach, Daniel and Costello, James C and K{\"u}ffner, Robert and Vega, Nicole M and Prill, Robert J and Camacho, Diogo M and Allison, Kyle R and Kellis, Manolis and Collins, James J and Stolovitzky, Gustavo and others},
	journal={Nature methods},
	volume={9},
	number={8},
	pages={796--804},
	year={2012},
	publisher={Nature Publishing Group}
}
@article{agusti2010characterisation,
	title={Characterisation of COPD heterogeneity in the ECLIPSE cohort},
	author={Agusti, Alvar and Calverley, PM and Celli, Bartolome and Coxson, Harvey O and Edwards, Lisa D and Lomas, David A and MacNee, William and Miller, Bruce E and Rennard, Steve and Silverman, Edwin K and others},
	journal={Respir Res},
	volume={11},
	number={1},
	pages={122},
	year={2010}
}
@article{levine2003transcription,
	title={Transcription regulation and animal diversity},
	author={Levine, Michael and Tjian, Robert},
	journal={Nature},
	volume={424},
	number={6945},
	pages={147--151},
	year={2003},
	publisher={Nature Publishing Group}
}
@article{ravasi2010atlas,
	title={An atlas of combinatorial transcriptional regulation in mouse and man},
	author={Ravasi, Timothy and Suzuki, Harukazu and Cannistraci, Carlo Vittorio and Katayama, Shintaro and Bajic, Vladimir B and Tan, Kai and Akalin, Altuna and Schmeier, Sebastian and Kanamori-Katayama, Mutsumi and Bertin, Nicolas and others},
	journal={Cell},
	volume={140},
	number={5},
	pages={744--752},
	year={2010},
	publisher={Elsevier}
}
@article{langfelder2008wgcna,
  title={WGCNA: an R package for weighted correlation network analysis},
  author={Langfelder, Peter and Horvath, Steve},
  journal={BMC bioinformatics},
  volume={9},
  number={1},
  pages={1},
  year={2008},
  publisher={BioMed Central}
}
@article{ravasz2002hierarchical,
  title={Hierarchical organization of modularity in metabolic networks},
  author={Ravasz, Erzs{\'e}bet and Somera, Anna Lisa and Mongru, Dale A and Oltvai, Zolt{\'a}n N and Barab{\'a}si, A-L},
  journal={science},
  volume={297},
  number={5586},
  pages={1551--1555},
  year={2002},
  publisher={American Association for the Advancement of Science}
}
@Article{Langfelder2008FastR,
	title = {Fast {R} Functions for Robust Correlations and
	Hierarchical Clustering},
	author = {Peter Langfelder and Steve Horvath},
	journal = {Journal of Statistical Software},
	year = {2012},
	volume = {46},
	number = {11},
	pages = {1--17},
	url = {http://www.jstatsoft.org/v46/i11/},
}
@article{margolin2006aracne,
  title={ARACNE: an algorithm for the reconstruction of gene regulatory networks in a mammalian cellular context},
  author={Margolin, Adam A and Nemenman, Ilya and Basso, Katia and Wiggins, Chris and Stolovitzky, Gustavo and Favera, Riccardo D and Califano, Andrea},
  journal={BMC bioinformatics},
  volume={7},
  number={Suppl 1},
  pages={S7},
  year={2006},
  publisher={BioMed Central Ltd}
}
@article{faith2007large,
  title={Large-scale mapping and validation of Escherichia coli transcriptional regulation from a compendium of expression profiles},
  author={Faith, Jeremiah J and Hayete, Boris and Thaden, Joshua T and Mogno, Ilaria and Wierzbowski, Jamey and Cottarel, Guillaume and Kasif, Simon and Collins, James J and Gardner, Timothy S},
  journal={PLoS Biol},
  volume={5},
  number={1},
  pages={e8},
  year={2007}
}
@article{mohanty2014model,
  title={A model for cancer tissue heterogeneity},
  author={Mohanty, Anwoy Kumar and Datta, Aniruddha and Venkatraj, Vijayanagaram},
  journal={Biomedical Engineering, IEEE Transactions on},
  volume={61},
  number={3},
  pages={966--974},
  year={2014},
  publisher={IEEE}
}
@article{hu2013heterogeneity,
  title={Heterogeneity of tumor-induced gene expression changes in the human metabolic network},
  author={Hu, Jie and Locasale, Jason W and Bielas, Jason H and O'Sullivan, Jacintha and Sheahan, Kieran and Cantley, Lewis C and Vander Heiden, Matthew G and Vitkup, Dennis},
  journal={Nature biotechnology},
  volume={31},
  number={6},
  pages={522--529},
  year={2013},
  publisher={Nature Publishing Group}
}
@article{hecker2009gene,
  title={Gene regulatory network inference: data integration in dynamic models-a review},
  author={Hecker, Michael and Lambeck, Sandro and Toepfer, Susanne and Van Someren, Eugene and Guthke, Reinhard},
  journal={Biosystems},
  volume={96},
  number={1},
  pages={86--103},
  year={2009},
  publisher={Elsevier}
}
@article{wille2004sparse,
  title={Sparse graphical Gaussian modeling of the isoprenoid gene network in Arabidopsis thaliana},
  author={Wille, Anja and Zimmermann, Philip and Vranov{\'a}, Eva and F{\"u}rholz, Andreas and Laule, Oliver and Bleuler, Stefan and Hennig, Lars and Prelic, Amela and von Rohr, Peter and Thiele, Lothar and others},
  journal={Genome Biol},
  volume={5},
  number={11},
  pages={R92},
  year={2004}
}
@article{zhang2005general,
  title={A general framework for weighted gene co-expression network analysis},
  author={Zhang, Bin and Horvath, Steve},
  journal={Statistical applications in genetics and molecular biology},
  volume={4},
  number={1},
  year={2005}
}
@article{licatalosi2010rna,
  title={RNA processing and its regulation: global insights into biological networks},
  author={Licatalosi, Donny D and Darnell, Robert B},
  journal={Nature Reviews Genetics},
  volume={11},
  number={1},
  pages={75--87},
  year={2010},
  publisher={Nature Publishing Group}
}
@article{harbison2004transcriptional,
  title={Transcriptional regulatory code of a eukaryotic genome},
  author={Harbison, Christopher T and Gordon, D Benjamin and Lee, Tong Ihn and Rinaldi, Nicola J and Macisaac, Kenzie D and Danford, Timothy W and Hannett, Nancy M and Tagne, Jean-Bosco and Reynolds, David B and Yoo, Jane and others},
  journal={Nature},
  volume={431},
  number={7004},
  pages={99--104},
  year={2004},
  publisher={Nature Publishing Group}
}
@article{vestbo2008evaluation,
  title={Evaluation of COPD longitudinally to identify predictive surrogate end-points (ECLIPSE)},
  author={Vestbo, J{\o}rgen and Anderson, Wayne and Coxson, Harvey O and Crim, Courtney and Dawber, Ffyona and Edwards, Lisa and Hagan, Gerry and Knobil, Katharine and Lomas, David A and MacNee, William and others},
  journal={European Respiratory Journal},
  volume={31},
  number={4},
  pages={869--873},
  year={2008},
  publisher={Eur Respiratory Soc}
}
@article{pillai2009genome,
  title={A genome-wide association study in chronic obstructive pulmonary disease (COPD): identification of two major susceptibility loci},
  author={Pillai, Sreekumar G and Ge, Dongliang and Zhu, Guohua and Kong, Xiangyang and Shianna, Kevin V and Need, Anna C and Feng, Sheng and Hersh, Craig P and Bakke, Per and Gulsvik, Amund and others},
  journal={PLoS Genet},
  volume={5},
  number={3},
  pages={e1000421},
  year={2009},
  publisher={Public Library of Science}
}
@article{lgrc,
  title = {Lung Genomics Research Consortium (LGRC)},
  year={2015},
  howpublished = {\url{http://www.lung-genomics.org/}},
  note = {Accessed: 2016-02-02}
}
@article{cloonan2016mitochondrial,
  title={Mitochondrial iron chelation ameliorates cigarette smoke-induced bronchitis and emphysema in mice},
  author={Cloonan, Suzanne M and Glass, Kimberly and Laucho-Contreras, Maria E and Bhashyam, Abhiram R and Cervo, Morgan and Pab{\'o}n, Maria A and Konrad, Csaba and Polverino, Francesca and Siempos, Ilias I and Perez, Elizabeth and others},
  journal={Nature medicine},
  year={2016},
  publisher={Nature Publishing Group}
}
@article{ritchie2015limma,
  title={limma powers differential expression analyses for RNA-sequencing and microarray studies},
  author={Ritchie, Matthew E and Phipson, Belinda and Wu, Di and Hu, Yifang and Law, Charity W and Shi, Wei and Smyth, Gordon K},
  journal={Nucleic acids research},
  pages={gkv007},
  year={2015},
  publisher={Oxford Univ Press}
}
@article{guzman2012analysis,
  title={Analysis of aberrant methylation on promoter sequences of tumor suppressor genes and total DNA in sputum samples: a promising tool for early detection of COPD and lung cancer in smokers},
  author={Guzm{\'a}n, Leda and Depix, Mar{\'\i}a Soledad and Salinas, Ana Mar{\'\i}a and Rold{\'a}n, Rosa and Aguayo, Francisco and Silva, Alejandra and Vinet, Raul},
  journal={Diagn Pathol},
  volume={7},
  number={87},
  pages={1596--7},
  year={2012}
}
@article{durham2015relationship,
  title={The relationship between COPD and lung cancer},
  author={Durham, AL and Adcock, IM},
  journal={Lung Cancer},
  volume={90},
  number={2},
  pages={121--127},
  year={2015},
  publisher={Elsevier}
}
@article{de2015lung,
  title={Lung cancer in patients with chronic obstructive pulmonary disease. Development and validation of the COPD Lung Cancer Screening Score},
  author={de-Torres, Juan P and Wilson, David O and Sanchez-Salcedo, Pablo and Weissfeld, Joel L and Berto, Juan and Campo, Arantzazu and Alcaide, Ana B and Garc{\'\i}a-Granero, Marta and Celli, Bartolome R and Zulueta, Javier J},
  journal={American journal of respiratory and critical care medicine},
  volume={191},
  number={3},
  pages={285--291},
  year={2015},
  publisher={Am Thoracic Soc}
}
@article{rotheneder1999transcription,
  title={Transcription factors of the Sp1 family: interaction with E2F and regulation of the murine thymidine kinase promoter},
  author={Rotheneder, Hans and Geymayer, Sibylle and Haidweger, Eva},
  journal={Journal of molecular biology},
  volume={293},
  number={5},
  pages={1005--1015},
  year={1999},
  publisher={Elsevier}
}
@article{karlseder1996interaction,
  title={Interaction of Sp1 with the growth-and cell cycle-regulated transcription factor E2F.},
  author={Karlseder, Jan and Rotheneder, Hans and Wintersberger, Erhard},
  journal={Molecular and cellular biology},
  volume={16},
  number={4},
  pages={1659--1667},
  year={1996},
  publisher={Am Soc Microbiol}
}
@article{chen2008egr,
  title={Egr-1 regulates autophagy in cigarette smoke-induced chronic obstructive pulmonary disease},
  author={Chen, Zhi-Hua and Kim, Hong Pyo and Sciurba, Frank C and Lee, Seon-Jin and Feghali-Bostwick, Carol and Stolz, Donna B and Dhir, Rajiv and Landreneau, Rodney J and Schuchert, Mathew J and Yousem, Samuel A and others},
  journal={PloS one},
  volume={3},
  number={10},
  pages={e3316},
  year={2008},
  publisher={Public Library of Science}
}
@article{sauleda1998cytochrome,
  title={Cytochrome oxidase activity and mitochondrial gene expression in skeletal muscle of patients with chronic obstructive pulmonary disease},
  author={Sauleda, Jaume and Garcia-Palmer, Francisco and Wiesner, Rudolf J and Tarraga, Salvador and Harting, Inga and Tom{\'a}s, Purificaci{\'o}n and Gomez, Cristina and Saus, Carles and Palou, Andreu and Agusti, Alvar GN},
  journal={American journal of respiratory and critical care medicine},
  volume={157},
  number={5},
  pages={1413--1417},
  year={1998},
  publisher={Am Thoracic Soc}
}
@article{puente2009abnormal,
  title={Abnormal mitochondrial function in locomotor and respiratory muscles of COPD patients},
  author={Puente-Maestu, Luis and P{\'e}rez-Parra, Jos{\'e} and Godoy, Raul and Moreno, Nicol{\'a}s and Tejedor, Alberto and Gonz{\'a}lez-Aragoneses, Federico and Bravo, Jos{\'e}-Luis and {\'A}lvarez, F Villar and Cama{\~n}o, Sonia and Agust{\'\i}, Alvar},
  journal={European Respiratory Journal},
  volume={33},
  number={5},
  pages={1045--1052},
  year={2009},
  publisher={Eur Respiratory Soc}
}
@article{galvagni2001sp1,
  title={Sp1 and Sp3 physically interact and co-operate with GABP for the activation of the utrophin promoter},
  author={Galvagni, Federico and Capo, Sabrina and Oliviero, Salvatore},
  journal={Journal of molecular biology},
  volume={306},
  number={5},
  pages={985--996},
  year={2001},
  publisher={Elsevier}
}
@article{stormo2000dna,
  title={DNA binding sites: representation and discovery},
  author={Stormo, Gary D},
  journal={Bioinformatics},
  volume={16},
  number={1},
  pages={16--23},
  year={2000},
  publisher={Oxford Univ Press}
}
@article{wasserman2004applied,
  title={Applied bioinformatics for the identification of regulatory elements},
  author={Wasserman, Wyeth W and Sandelin, Albin},
  journal={Nature Reviews Genetics},
  volume={5},
  number={4},
  pages={276--287},
  year={2004},
  publisher={Nature Publishing Group}
}
@article{mathelier2013jaspar,
  title={JASPAR 2014: an extensively expanded and updated open-access database of transcription factor binding profiles},
  author={Mathelier, Anthony and Zhao, Xiaobei and Zhang, Allen W and Parcy, Fran{\c{c}}ois and Worsley-Hunt, Rebecca and Arenillas, David J and Buchman, Sorana and Chen, Chih-yu and Chou, Alice and Ienasescu, Hans and others},
  journal={Nucleic acids research},
  pages={gkt997},
  year={2013},
  publisher={Oxford Univ Press}
}
@article{pinello2014analysis,
  title={Analysis of chromatin-state plasticity identifies cell-type--specific regulators of H3K27me3 patterns},
  author={Pinello, Luca and Xu, Jian and Orkin, Stuart H and Yuan, Guo-Cheng},
  journal={Proceedings of the National Academy of Sciences},
  volume={111},
  number={3},
  pages={E344--E353},
  year={2014},
  publisher={National Acad Sciences}
}
@article{heinz2010simple,
  title={Simple combinations of lineage-determining transcription factors prime cis-regulatory elements required for macrophage and B cell identities},
  author={Heinz, Sven and Benner, Christopher and Spann, Nathanael and Bertolino, Eric and Lin, Yin C and Laslo, Peter and Cheng, Jason X and Murre, Cornelis and Singh, Harinder and Glass, Christopher K},
  journal={Molecular cell},
  volume={38},
  number={4},
  pages={576--589},
  year={2010},
  publisher={Elsevier}
}
@article{singh2014altered,
  title={Altered gene expression in blood and sputum in COPD frequent exacerbators in the ECLIPSE cohort},
  author={Singh, Dave and Fox, Steven M and Tal-Singer, Ruth and Bates, Stewart and Riley, John H and Celli, Bartolome},
  journal={PloS one},
  volume={9},
  number={9},
  pages={e107381},
  year={2014},
  publisher={Public Library of Science}
}
@article{bahr2013peripheral,
  title={Peripheral blood mononuclear cell gene expression in chronic obstructive pulmonary disease},
  author={Bahr, Timothy M and Hughes, Grant J and Armstrong, Michael and Reisdorph, Rick and Coldren, Christopher D and Edwards, Michael G and Schnell, Christina and Kedl, Ross and LaFlamme, Daniel J and Reisdorph, Nichole and others},
  journal={American journal of respiratory cell and molecular biology},
  volume={49},
  number={2},
  pages={316--323},
  year={2013},
  publisher={Am Thoracic Soc}
}
@article{danielian2007e2f4,
  title={E2f4 is required for normal development of the airway epithelium},
  author={Danielian, Paul S and Kim, Carla F Bender and Caron, Alicia M and Vasile, Eliza and Bronson, Roderick T and Lees, Jacqueline A},
  journal={Developmental biology},
  volume={305},
  number={2},
  pages={564--576},
  year={2007},
  publisher={Elsevier}
}
@article{zhou2012identification,
  title={Identification of a chronic obstructive pulmonary disease genetic determinant that regulates HHIP},
  author={Zhou, Xiaobo and Baron, Rebecca M and Hardin, Megan and Cho, Michael H and Zielinski, Jan and Hawrylkiewicz, Iwona and Sliwinski, Pawel and Hersh, Craig P and Mancini, John D and Lu, Ke and others},
  journal={Human molecular genetics},
  volume={21},
  number={6},
  pages={1325--1335},
  year={2012},
  publisher={Oxford Univ Press}
}
@article{gopalakrishnan1995structure,
  title={Structure, expression, and chromosomal assignment of the human gene encoding nuclear respiratory factor 1},
  author={Gopalakrishnan, Lekha and Scarpulla, Richard C},
  journal={Journal of Biological Chemistry},
  volume={270},
  number={30},
  pages={18019--18025},
  year={1995},
  publisher={ASBMB}
}
@article{hill2012bayesian,
  title={Bayesian inference of signaling network topology in a cancer cell line},
  author={Hill, Steven M and Lu, Yiling and Molina, Jennifer and Heiser, Laura M and Spellman, Paul T and Speed, Terence P and Gray, Joe W and Mills, Gordon B and Mukherjee, Sach},
  journal={Bioinformatics},
  volume={28},
  number={21},
  pages={2804--2810},
  year={2012},
  publisher={Oxford Univ Press}
}
@article{saez2011comparing,
  title={Comparing signaling networks between normal and transformed hepatocytes using discrete logical models},
  author={Saez-Rodriguez, Julio and Alexopoulos, Leonidas G and Zhang, MingSheng and Morris, Melody K and Lauffenburger, Douglas A and Sorger, Peter K},
  journal={Cancer research},
  volume={71},
  number={16},
  pages={5400--5411},
  year={2011},
  publisher={AACR}
}
@article{molinelli2013perturbation,
  title={Perturbation biology: inferring signaling networks in cellular systems},
  author={Molinelli, Evan J and Korkut, Anil and Wang, Weiqing and Miller, Martin L and Gauthier, Nicholas P and Jing, Xiaohong and Kaushik, Poorvi and He, Qin and Mills, Gordon and Solit, David B and others},
  journal={PLoS Comput Biol},
  volume={9},
  number={12},
  pages={e1003290},
  year={2013},
  publisher={Public Library of Science}
}
@article{chen2009input,
  title={Input--output behavior of ErbB signaling pathways as revealed by a mass action model trained against dynamic data},
  author={Chen, William W and Schoeberl, Birgit and Jasper, Paul J and Niepel, Mario and Nielsen, Ulrik B and Lauffenburger, Douglas A and Sorger, Peter K},
  journal={Molecular systems biology},
  volume={5},
  number={1},
  year={2009},
  publisher={Wiley Online Library}
}
@article{eduati2012integrating,
  title={Integrating literature-constrained and data-driven inference of signalling networks},
  author={Eduati, Federica and De Las Rivas, Javier and Di Camillo, Barbara and Toffolo, Gianna and Saez-Rodriguez, Julio},
  journal={Bioinformatics},
  volume={28},
  number={18},
  pages={2311--2317},
  year={2012},
  publisher={Oxford Univ Press}
}
@article{choksi2014switching,
  title={Switching on cilia: transcriptional networks regulating ciliogenesis},
  author={Choksi, Semil P and Lauter, Gilbert and Swoboda, Peter and Roy, Sudipto},
  journal={Development},
  volume={141},
  number={7},
  pages={1427--1441},
  year={2014},
  publisher={The Company of Biologists Limited}
}
@article{hessel2014intraflagellar,
  title={Intraflagellar transport gene expression associated with short cilia in smoking and COPD},
  author={Hessel, Justina and Heldrich, Jonna and Fuller, Jennifer and Staudt, Michelle R and Radisch, Sharon and Hollmann, Charleen and Harvey, Ben-Gary and Kaner, Robert J and Salit, Jacqueline and Yee-Levin, Jenny and others},
  journal={PloS one},
  volume={9},
  number={1},
  pages={e85453},
  year={2014},
  publisher={Public Library of Science}
}
@article{hogg2004pathophysiology,
  title={Pathophysiology of airflow limitation in chronic obstructive pulmonary disease},
  author={Hogg, James C},
  journal={The Lancet},
  volume={364},
  number={9435},
  pages={709--721},
  year={2004},
  publisher={Elsevier}
}
@article{fahy2010airway,
  title={Airway mucus function and dysfunction},
  author={Fahy, John V and Dickey, Burton F},
  journal={New England Journal of Medicine},
  volume={363},
  number={23},
  pages={2233--2247},
  year={2010},
  publisher={Mass Medical Soc}
}
@article{boucherat2016bridging,
  title={Bridging Lung Development with Chronic Obstructive Pulmonary Disease. Relevance of Developmental Pathways in Chronic Obstructive Pulmonary Disease Pathogenesis},
  author={Boucherat, O and Morissette, MC and Provencher, S and Bonnet, S and Maltais F},
  journal={American Journal of Respiratory and Critical Care Medicine},
  volume={193},
  number={4},
  pages={362--75},
  year={2016},
  publisher={American Thoracic Society - AJRCCM}
}
@article{sirbu2010comparison,
  title={Comparison of evolutionary algorithms in gene regulatory network model inference},
  author={S{\^\i}rbu, Alina and Ruskin, Heather J and Crane, Martin},
  journal={BMC bioinformatics},
  volume={11},
  number={1},
  pages={1},
  year={2010},
  publisher={BioMed Central}
}
@incollection{qiu2015network,
  title={Network Analysis Of Gene Expression In Severe COPD Lung Tissue Samples},
  author={Qiu, Weiliang and DeMeo, Dawn L and Houston, Isaac and Pinto-Plata, Victor M and Celli, Bartolome R and Marchetti, Nathaniel and Criner, Gerard J and Bueno, Raphael and Morrow, GRJ and Washko, K and others},
  booktitle={A30. BIG DATA: HARVESTING FRUITS FROM COPD AND LUNG CANCER},
  pages={A1253--A1253},
  year={2015},
  publisher={Am Thoracic Soc}
}
@article{dai2005evolving,
  title={Evolving gene/transcript definitions significantly alter the interpretation of GeneChip data},
  author={Dai, Manhong and Wang, Pinglang and Boyd, Andrew D and Kostov, Georgi and Athey, Brian and Jones, Edward G and Bunney, William E and Myers, Richard M and Speed, Terry P and Akil, Huda and others},
  journal={Nucleic acids research},
  volume={33},
  number={20},
  pages={e175--e175},
  year={2005},
  publisher={Oxford Univ Press}
}
@article{irizarry2003exploration,
  title={Exploration, normalization, and summaries of high density oligonucleotide array probe level data},
  author={Irizarry, Rafael A and Hobbs, Bridget and Collin, Francois and Beazer-Barclay, Yasmin D and Antonellis, Kristen J and Scherf, Uwe and Speed, Terence P},
  journal={Biostatistics},
  volume={4},
  number={2},
  pages={249--264},
  year={2003},
  publisher={Biometrika Trust}
}
@article{gautier2004affy,
  title={affy-analysis of Affymetrix GeneChip data at the probe level},
  author={Gautier, Laurent and Cope, Leslie and Bolstad, Benjamin M and Irizarry, Rafael A},
  journal={Bioinformatics},
  volume={20},
  number={3},
  pages={307--315},
  year={2004},
  publisher={Oxford Univ Press}
}
@article{regan2011genetic,
  title={Genetic epidemiology of COPD (COPDGene) study design},
  author={Regan, Elizabeth A and Hokanson, John E and Murphy, James R and Make, Barry and Lynch, David A and Beaty, Terri H and Curran-Everett, Douglas and Silverman, Edwin K and Crapo, James D},
  journal={COPD: Journal of Chronic Obstructive Pulmonary Disease},
  volume={7},
  number={1},
  pages={32--43},
  year={2011},
  publisher={Taylor \& Francis}
}
@article{van2016pypanda,
  title={PyPanda: a Python Package for Gene Regulatory Network Reconstruction},
  author={van IJzendoorn, David GP and Glass, Kimberly and Quackenbush, John and Kuijjer, Marieke L},
  journal={arXiv preprint arXiv:1604.06783},
  year={2016}
}
@article{chang2016copd,
  title={COPD subtypes identified by network-based clustering of blood gene expression},
  author={Chang, Yale and Glass, Kimberly and Liu, Yang-Yu and Silverman, Edwin K and Crapo, James D and Tal-Singer, Ruth and Bowler, Russ and Dy, Jennifer and Cho, Michael and Castaldi, Peter},
  journal={Genomics},
  volume={107},
  number={2},
  pages={51--58},
  year={2016},
  publisher={Elsevier}
}
@article{johnson2007adjusting,
  title={Adjusting batch effects in microarray expression data using empirical Bayes methods},
  author={Johnson, W Evan and Li, Cheng and Rabinovic, Ariel},
  journal={Biostatistics},
  volume={8},
  number={1},
  pages={118--127},
  year={2007},
  publisher={Biometrika Trust}
}
@Manual{lumi,
	title = {Using lumi, a package processing Illumina Microarray},
	author = {Du P, Kibbe WA, Lin S},
	year = {2007},
	note = {Bioconductor R package},
	url = {http://www.bioconductor.org/packages/release/bioc/html/lumi.html},
}
@Manual{nettools,
	title = {nettools: A Network Comparison Framework},
	author = {Michele Filosi and Roberto Visintainer and Samantha Riccadonna},
	year = {2014},
	note = {R package version 1.0.1},
	url = {https://CRAN.R-project.org/package=nettools},
}
@article{voight2005confounding,
  title={Confounding from cryptic relatedness in case-control association studies},
  author={Voight, Benjamin F and Pritchard, Jonathan K},
  journal={PLoS Genet},
  volume={1},
  number={3},
  pages={e32},
  year={2005}
}
@article{ptak2002evidence,
  title={Evidence for population growth in humans is confounded by fine-scale population structure},
  author={Ptak, Susan E and Przeworski, Molly},
  journal={Trends in Genetics},
  volume={18},
  number={11},
  pages={559--563},
  year={2002},
  publisher={Elsevier}
}
@article{price2010new,
  title={New approaches to population stratification in genome-wide association studies},
  author={Price, Alkes L and Zaitlen, Noah A and Reich, David and Patterson, Nick},
  journal={Nature Reviews Genetics},
  volume={11},
  number={7},
  pages={459--463},
  year={2010},
  publisher={Nature Publishing Group}
}
@article{price2006principal,
  title={Principal components analysis corrects for stratification in genome-wide association studies},
  author={Price, Alkes L and Patterson, Nick J and Plenge, Robert M and Weinblatt, Michael E and Shadick, Nancy A and Reich, David},
  journal={Nature genetics},
  volume={38},
  number={8},
  pages={904--909},
  year={2006},
  publisher={Nature Publishing Group}
}
@article{kang2010variance,
  title={Variance component model to account for sample structure in genome-wide association studies},
  author={Kang, Hyun Min and Sul, Jae Hoon and Service, Susan K and Zaitlen, Noah A and Kong, Sit-yee and Freimer, Nelson B and Sabatti, Chiara and Eskin, Eleazar and others},
  journal={Nature genetics},
  volume={42},
  number={4},
  pages={348--354},
  year={2010},
  publisher={Nature Publishing Group}
}
@article{listgarten2012improved,
  title={Improved linear mixed models for genome-wide association studies},
  author={Listgarten, Jennifer and Lippert, Christoph and Kadie, Carl M and Davidson, Robert I and Eskin, Eleazar and Heckerman, David},
  journal={Nature methods},
  volume={9},
  number={6},
  pages={525--526},
  year={2012},
  publisher={Nature Publishing Group}
}
@article{zhou2012genome,
  title={Genome-wide efficient mixed-model analysis for association studies},
  author={Zhou, Xiang and Stephens, Matthew},
  journal={Nature genetics},
  volume={44},
  number={7},
  pages={821--824},
  year={2012},
  publisher={Nature Publishing Group}
}
@article{yang2014advantages,
  title={Advantages and pitfalls in the application of mixed-model association methods},
  author={Yang, Jian and Zaitlen, Noah A and Goddard, Michael E and Visscher, Peter M and Price, Alkes L},
  journal={Nature genetics},
  volume={46},
  number={2},
  pages={100--106},
  year={2014},
  publisher={Nature Publishing Group}
}
@article{pritchard2000association,
  title={Association mapping in structured populations},
  author={Pritchard, Jonathan K and Stephens, Matthew and Rosenberg, Noah A and Donnelly, Peter},
  journal={The American Journal of Human Genetics},
  volume={67},
  number={1},
  pages={170--181},
  year={2000},
  publisher={Elsevier}
}
@article{roeder2009searching,
  title={Searching for disease susceptibility variants in structured populations},
  author={Roeder, Kathryn and Luca, Diana},
  journal={Genomics},
  volume={93},
  number={1},
  pages={1--4},
  year={2009},
  publisher={Elsevier}
}
@article{mathieson2012differential,
  title={Differential confounding of rare and common variants in spatially structured populations},
  author={Mathieson, Iain and McVean, Gil},
  journal={Nature genetics},
  volume={44},
  number={3},
  pages={243--246},
  year={2012},
  publisher={Nature Publishing Group}
}
@article{10002015global,
  title={A global reference for human genetic variation},
  author={1000 Genomes Project Consortium and others},
  journal={Nature},
  volume={526},
  number={7571},
  pages={68--74},
  year={2015},
  publisher={Nature Publishing Group}
}
@article{mathieson2014demography,
  title={Demography and the age of rare variants},
  author={Mathieson, Iain and McVean, Gil},
  journal={PLoS Genet},
  volume={10},
  number={8},
  pages={e1004528},
  year={2014},
  publisher={Public Library of Science}
}
@article{10002012integrated,
  title={An integrated map of genetic variation from 1,092 human genomes},
  author={1000 Genomes Project Consortium and others},
  journal={Nature},
  volume={491},
  number={7422},
  pages={56--65},
  year={2012},
  publisher={Nature Publishing Group}
}
@article{sun2012identifying,
  title={Identifying cryptic relationships},
  author={Sun, Lei and Dimitromanolakis, Apostolos},
  journal={Statistical Human Genetics: Methods and Protocols},
  pages={47--57},
  year={2012},
  publisher={Springer}
}
@article{li2014relationship,
  title={Relationship estimation from whole-genome sequence data},
  author={Li, Hong and Glusman, Gustavo and Hu, Hao and Caballero, Juan and Hubley, Robert and Witherspoon, David and Guthery, Stephen L and Mauldin, Denise E and Jorde, Lynn B and Hood, Leroy and others},
  journal={PLoS Genet},
  volume={10},
  number={1},
  pages={e1004144},
  year={2014},
  publisher={Public Library of Science}
}
@article{stevens2011inference,
  title={Inference of relationships in population data using identity-by-descent and identity-by-state},
  author={Stevens, Eric L and Heckenberg, Greg and Roberson, Elisha DO and Baugher, Joseph D and Downey, Thomas J and Pevsner, Jonathan},
  journal={PLoS Genet},
  volume={7},
  number={9},
  pages={e1002287},
  year={2011},
  publisher={Public Library of Science}
}
@article{vsidak1967rectangular,
  title={Rectangular confidence regions for the means of multivariate normal distributions},
  author={{\v{S}}id{\'a}k, Zbyn{\v{e}}k},
  journal={Journal of the American Statistical Association},
  volume={62},
  number={318},
  pages={626--633},
  year={1967},
  publisher={Taylor \& Francis Group}
}
@article{gazal2015high,
  title={High level of inbreeding in final phase of 1000 Genomes Project},
  author={Gazal, Steven and Sahbatou, Mourad and Babron, Marie-Claude and G{\'e}nin, Emmanuelle and Leutenegger, Anne-Louise},
  journal={Scientific reports},
  volume={5},
  year={2015},
  publisher={Nature Publishing Group}
}
@article{purcell2007plink,
  title={PLINK: a tool set for whole-genome association and population-based linkage analyses},
  author={Purcell, Shaun and Neale, Benjamin and Todd-Brown, Kathe and Thomas, Lori and Ferreira, Manuel AR and Bender, David and Maller, Julian and Sklar, Pamela and De Bakker, Paul IW and Daly, Mark J and others},
  journal={The American Journal of Human Genetics},
  volume={81},
  number={3},
  pages={559--575},
  year={2007},
  publisher={Elsevier}
}
@article{thornton2007case,
  title={Case-control association testing with related individuals: a more powerful quasi-likelihood score test},
  author={Thornton, Timothy and McPeek, Mary Sara},
  journal={The American Journal of Human Genetics},
  volume={81},
  number={2},
  pages={321--337},
  year={2007},
  publisher={Elsevier}
}
@article{thornton2012estimating,
  title={Estimating kinship in admixed populations},
  author={Thornton, Timothy and Tang, Hua and Hoffmann, Thomas J and Ochs-Balcom, Heather M and Caan, Bette J and Risch, Neil},
  journal={The American Journal of Human Genetics},
  volume={91},
  number={1},
  pages={122--138},
  year={2012},
  publisher={Elsevier}
}
@article{devlin2001genomic,
  title={Genomic control, a new approach to genetic-based association studies},
  author={Devlin, B and Roeder, Kathryn and Wasserman, Larry},
  journal={Theoretical population biology},
  volume={60},
  number={3},
  pages={155--166},
  year={2001},
  publisher={Elsevier}
}
@article{bacanu2002association,
  title={Association studies for quantitative traits in structured populations},
  author={Bacanu, Silviu-Alin and Devlin, Bernie and Roeder, Kathryn},
  journal={Genetic epidemiology},
  volume={22},
  number={1},
  pages={78--93},
  year={2002},
  publisher={Wiley Online Library}
}
@article{lippert2011fast,
  title={FaST linear mixed models for genome-wide association studies},
  author={Lippert, Christoph and Listgarten, Jennifer and Liu, Ying and Kadie, Carl M and Davidson, Robert I and Heckerman, David},
  journal={Nature methods},
  volume={8},
  number={10},
  pages={833--835},
  year={2011},
  publisher={Nature Publishing Group}
}
@article{zhang2010mixed,
  title={Mixed linear model approach adapted for genome-wide association studies},
  author={Zhang, Zhiwu and Ersoz, Elhan and Lai, Chao-Qiang and Todhunter, Rory J and Tiwari, Hemant K and Gore, Michael A and Bradbury, Peter J and Yu, Jianming and Arnett, Donna K and Ordovas, Jose M and others},
  journal={Nature genetics},
  volume={42},
  number={4},
  pages={355--360},
  year={2010},
  publisher={Nature Publishing Group}
}
@article{choi2009case,
  title={Case-control association testing in the presence of unknown relationships},
  author={Choi, Yoonha and Wijsman, Ellen M and Weir, Bruce S},
  journal={Genetic epidemiology},
  volume={33},
  number={8},
  pages={668--678},
  year={2009},
  publisher={Wiley Online Library}
}
@article{yang2010common,
  title={Common SNPs explain a large proportion of the heritability for human height},
  author={Yang, Jian and Benyamin, Beben and McEvoy, Brian P and Gordon, Scott and Henders, Anjali K and Nyholt, Dale R and Madden, Pamela A and Heath, Andrew C and Martin, Nicholas G and Montgomery, Grant W and others},
  journal={Nature genetics},
  volume={42},
  number={7},
  pages={565--569},
  year={2010},
  publisher={Nature Publishing Group}
}
@article{manichaikul2010robust,
  title={Robust relationship inference in genome-wide association studies},
  author={Manichaikul, Ani and Mychaleckyj, Josyf C and Rich, Stephen S and Daly, Kathy and Sale, Mich{\`e}le and Chen, Wei-Min},
  journal={Bioinformatics},
  volume={26},
  number={22},
  pages={2867--2873},
  year={2010},
  publisher={Oxford Univ Press}
}
@article{abecasis2001grr,
  title={GRR: graphical representation of relationship errors},
  author={Abecasis, Goncalo R. and Cherny, Stacey S. and Cookson, WOC and Cardon, Lon R.},
  journal={Bioinformatics},
  volume={17},
  number={8},
  pages={742--743},
  year={2001}
}
@misc{1000GPcrypticppt,
  title = {Addressing cryptic relatedness in candidate samples for 1KG},
  author={Nemesh, James and McCarroll, Steve},	
  year={2012},
  howpublished = {ftp://ftp.1000genomes.ebi.ac.uk/ vol1/ftp/phase1/analysis\_results/ supporting/cryptic\_relation\_analysis},
  note = {Accessed: 2016-06-06}
}
@article{al2015inference,
  title={Inference of distant genetic relations in humans using '1000 Genomes'},
  author={Al-Khudhair, Ahmed and Qiu, Shuhao and Wyse, Meghan and Chowdhury, Shilpi and Cheng, Xi and Bekbolsynov, Dulat and Saha-Mandal, Arnab and Dutta, Rajib and Fedorova, Larisa and Fedorov, Alexei},
  journal={Genome biology and evolution},
  volume={7},
  number={2},
  pages={481--492},
  year={2015},
  publisher={Oxford University Press}
}
@article{fedorova2016atlas,
  title={Atlas of Cryptic Genetic Relatedness Among 1000 Human Genomes},
  author={Fedorova, Larisa and Qiu, Shuhao and Dutta, Rajib and Fedorov, Alexei},
  journal={Genome biology and evolution},
  volume={8},
  number={3},
  pages={777--790},
  year={2016},
  publisher={Oxford University Press}
}
@article{prokopenko2016utilizing,
  title={Utilizing the Jaccard index to reveal population stratification in sequencing data: a simulation study and an application to the 1000 Genomes Project},
  author={Prokopenko, Dmitry and Hecker, Julian and Silverman, Edwin K and Pagano, Marcello and N{\"o}then, Markus M and Dina, Christian and Lange, Christoph and Fier, Heide Loehlein},
  journal={Bioinformatics},
  volume={32},
  number={9},
  pages={1366--1372},
  year={2016},
  publisher={Oxford Univ Press}
}
@article{boehnke1997accurate,
  title={Accurate inference of relationships in sib-pair linkage studies},
  author={Boehnke, Michael and Cox, Nancy J},
  journal={The American Journal of Human Genetics},
  volume={61},
  number={2},
  pages={423--429},
  year={1997},
  publisher={Elsevier}
}
@article{epstein2000improved,
  title={Improved inference of relationship for pairs of individuals},
  author={Epstein, Michael P and Duren, William L and Boehnke, Michael},
  journal={The American Journal of Human Genetics},
  volume={67},
  number={5},
  pages={1219--1231},
  year={2000},
  publisher={Elsevier}
}
@article{price2008long,
  title={Long-range LD can confound genome scans in admixed populations},
  author={Price, Alkes L and Weale, Michael E and Patterson, Nick and Myers, Simon R and Need, Anna C and Shianna, Kevin V and Ge, Dongliang and Rotter, Jerome I and Torres, Esther and Taylor, Kent D and others},
  journal={The American Journal of Human Genetics},
  volume={83},
  number={1},
  pages={132--135},
  year={2008},
  publisher={Cell Press}
}
@article{wang2003evaluating,
  title={Evaluating Kolmogorov's distribution},
  author={Wang, Jingbo and Tsang, Wai Wan and Marsaglia, George},
  journal={Journal of Statistical Software},
  volume={8},
  number={18},
  year={2003},
  publisher={American Statistical Association}
}
@article{patterson2006population,
  title={Population structure and eigenanalysis},
  author={Patterson, Nick and Price, Alkes L and Reich, David},
  journal={PLoS genet},
  volume={2},
  number={12},
  pages={e190},
  year={2006},
  publisher={Public Library of Science}
}
@article{chen2013improved,
  title={Improved ancestry inference using weights from external reference panels},
  author={Chen, Chia-Yen and Pollack, Samuela and Hunter, David J and Hirschhorn, Joel N and Kraft, Peter and Price, Alkes L},
  journal={Bioinformatics},
  pages={btt144},
  year={2013},
  publisher={Oxford Univ Press}
}
